<record><leader>00000cas a22000007a 4500</leader><controlfield tag="001">12996659</controlfield><controlfield tag="008">860109d19011903mtuwr ne      0    0ger d</controlfield><datafield ind1=" " ind2=" " tag="010"><subfield code="a">sn 86075006 </subfield></datafield><datafield ind1=" " ind2=" " tag="040"><subfield code="a">MTL</subfield><subfield code="b">eng</subfield><subfield code="c">MTL</subfield><subfield code="d">NPV</subfield><subfield code="d">MTL</subfield><subfield code="d">OCLCQ</subfield></datafield><datafield ind1=" " ind2=" " tag="042"><subfield code="a">msc</subfield></datafield><datafield ind1="0" ind2="4" tag="242"><subfield code="a">The Northwestern.</subfield><subfield code="y">eng</subfield></datafield><datafield ind1="0" ind2="4" tag="245"><subfield code="a">Der Nordwesten.</subfield></datafield><datafield ind1=" " ind2=" " tag="260"><subfield code="a">Butte, Mont. :</subfield><subfield code="b">J.C. Martin,</subfield><subfield code="c">1901-1903.</subfield></datafield><datafield ind1=" " ind2=" " tag="300"><subfield code="a">3 v. :</subfield><subfield code="b">ill. (chiefly advertisements) ;</subfield><subfield code="c">55 cm.</subfield></datafield><datafield ind1=" " ind2=" " tag="310"><subfield code="a">Weekly</subfield></datafield><datafield ind1="0" ind2=" " tag="362"><subfield code="a">Jahrg. 5, no. 45 (23 Nov. 1901)-jahrgang 7, no. 11 (4 Apr. 1903).</subfield></datafield><datafield ind1=" " ind2=" " tag="500"><subfield code="a">Editor: J.C. Martin.</subfield></datafield><datafield ind1=" " ind2=" " tag="521"><subfield code="a">Eine &quot;deutsche Zeitung&quot; fu&#776;r ... &quot;der deutschen Bevo&#776;lkerung von Butte und Umbegung&quot; (a German newspaper for the German population of Butte and its environs).</subfield></datafield><datafield ind1=" " ind2=" " tag="546"><subfield code="a">In German.</subfield></datafield><datafield ind1=" " ind2=" " tag="752"><subfield code="a">United States</subfield><subfield code="b">Montana</subfield><subfield code="c">Silver Bow</subfield><subfield code="d">Butte.</subfield></datafield><datafield ind1="0" ind2="0" tag="780"><subfield code="t">Montana journal</subfield><subfield code="w">(DLC)sn 86075005</subfield></datafield><datafield ind1="0" ind2="4" tag="785"><subfield code="t">Montana staats-zeitung</subfield><subfield code="g">Apr. 10, 1903</subfield><subfield code="w">(DLC)sn 83025318</subfield></datafield><datafield ind1="1" ind2=" " tag="029"><subfield code="a">AU@</subfield><subfield code="b">000025801334</subfield></datafield></record>